<record><leader>00000cas a2200000 a 4500</leader><controlfield tag="001">13014129</controlfield><controlfield tag="008">860113d18401840pauwr ne      0    0eng c</controlfield><datafield ind1=" " ind2=" " tag="010"><subfield code="a">sn 86071284 </subfield></datafield><datafield ind1=" " ind2=" " tag="040"><subfield code="a">NPH</subfield><subfield code="b">eng</subfield><subfield code="c">NPH</subfield><subfield code="d">DLC</subfield><subfield code="d">NPX</subfield><subfield code="d">NPH</subfield><subfield code="d">NVF</subfield><subfield code="d">DLC</subfield><subfield code="d">OCLCQ</subfield><subfield code="d">DLC</subfield><subfield code="d">OCLCQ</subfield><subfield code="d">OCLCF</subfield></datafield><datafield ind1="1" ind2=" " tag="029"><subfield code="a">AU@</subfield><subfield code="b">000024853147</subfield></datafield><datafield ind1=" " ind2=" " tag="042"><subfield code="a">pcc</subfield></datafield><datafield ind1=" " ind2=" " tag="043"><subfield code="a">n-us-pa</subfield></datafield><datafield ind1="0" ind2="0" tag="050"><subfield code="a">Newspaper</subfield></datafield><datafield ind1="0" ind2="0" tag="245"><subfield code="a">Franklin repository &amp; Chambersburg Whig.</subfield></datafield><datafield ind1="1" ind2="3" tag="246"><subfield code="a">Franklin repository and Chambersburg Whig</subfield></datafield><datafield ind1="1" ind2="3" tag="246"><subfield code="a">Repository &amp; Whig</subfield></datafield><datafield ind1="1" ind2="3" tag="246"><subfield code="a">Repository and whig</subfield></datafield><datafield ind1=" " ind2=" " tag="260"><subfield code="a">Chambersburg, Pa. :</subfield><subfield code="b">J. Pritts and S.W. Catlin,</subfield><subfield code="c">1840.</subfield></datafield><datafield ind1=" " ind2=" " tag="300"><subfield code="a">1 v. :</subfield><subfield code="b">ill. (chiefly advertisements) ;</subfield><subfield code="c">58 cm.</subfield></datafield><datafield ind1=" " ind2=" " tag="310"><subfield code="a">Weekly</subfield></datafield><datafield ind1="0" ind2=" " tag="362"><subfield code="a">Union v. 1, no. 1 (Jan. 31, 1840)-v. 1, no. 9 (Mar. 27, 1840).</subfield></datafield><datafield ind1=" " ind2=" " tag="515"><subfield code="a">Issues for Jan. 31, 1840- called also Repository v. 46, no. 46- and, Whig v. 6, no. 33-</subfield></datafield><datafield ind1=" " ind2="0" tag="651"><subfield code="a">Chambersburg (Pa.)</subfield><subfield code="v">Newspapers.</subfield></datafield><datafield ind1=" " ind2="7" tag="655"><subfield code="a">Newspapers.</subfield><subfield code="2">fast</subfield><subfield code="0">(OCoLC)fst01423814</subfield></datafield><datafield ind1=" " ind2="7" tag="651"><subfield code="a">Pennsylvania</subfield><subfield code="z">Chambersburg.</subfield><subfield code="2">fast</subfield><subfield code="0">(OCoLC)fst01207905</subfield></datafield><datafield ind1=" " ind2=" " tag="752"><subfield code="a">United States</subfield><subfield code="b">Pennsylvania</subfield><subfield code="c">Franklin</subfield><subfield code="d">Chambersburg.</subfield></datafield><datafield ind1="0" ind2="4" tag="780"><subfield code="t">Chambersburg Whig</subfield><subfield code="w">(DLC)sn 86081601</subfield><subfield code="w">(OCoLC)13014099</subfield></datafield><datafield ind1="0" ind2="4" tag="780"><subfield code="t">Franklin repository (Chambersburg, Pa. : 1796)</subfield><subfield code="w">(DLC)sn 83032172</subfield></datafield><datafield ind1="0" ind2="0" tag="785"><subfield code="t">Chambersburg repository and Whig</subfield><subfield code="w">(DLC)sn 83025951</subfield></datafield></record>